<record><leader>00000cas a22000007a 4500</leader><controlfield tag="001">15201729</controlfield><controlfield tag="008">870216d18781883aruwr ne      0    0eng d</controlfield><datafield ind1=" " ind2=" " tag="010"><subfield code="a">sn 86090901 </subfield></datafield><datafield ind1=" " ind2=" " tag="040"><subfield code="a">PPM</subfield><subfield code="b">eng</subfield><subfield code="c">PPM</subfield><subfield code="d">ANU</subfield><subfield code="d">OBN</subfield><subfield code="d">OCLCQ</subfield><subfield code="d">OCLCF</subfield><subfield code="d">OCLCO</subfield></datafield><datafield ind1="1" ind2=" " tag="029"><subfield code="a">AU@</subfield><subfield code="b">000025793013</subfield></datafield><datafield ind1=" " ind2=" " tag="042"><subfield code="a">msc</subfield></datafield><datafield ind1=" " ind2=" " tag="043"><subfield code="a">n-us-ar</subfield></datafield><datafield ind1="0" ind2="0" tag="245"><subfield code="a">Wheelers' independent.</subfield></datafield><datafield ind1="3" ind2="0" tag="246"><subfield code="a">Weekly independent</subfield></datafield><datafield ind1=" " ind2=" " tag="260"><subfield code="a">Fort Smith, Ark. :</subfield><subfield code="b">John F. Wheeler, John C. Wheeler</subfield></datafield><datafield ind1=" " ind2=" " tag="300"><subfield code="a">v.</subfield></datafield><datafield ind1=" " ind2=" " tag="310"><subfield code="a">Weekly</subfield></datafield><datafield ind1="0" ind2=" " tag="362"><subfield code="a">Vol. 8, no. 2 (Oct. 30, 1878)-v. 12, no. 39 (June 6, 1883).</subfield></datafield><datafield ind1=" " ind2=" " tag="500"><subfield code="a">In masthead: "A weekly journal," Dec. 29, 1880-July 13, 1881.</subfield></datafield><datafield ind1=" " ind2="0" tag="651"><subfield code="a">Fort Smith (Ark.)</subfield><subfield code="v">Newspapers.</subfield></datafield><datafield ind1=" " ind2="0" tag="651"><subfield code="a">Sebastian County (Ark.)</subfield><subfield code="v">Newspapers.</subfield></datafield><datafield ind1=" " ind2="7" tag="655"><subfield code="a">Newspapers.</subfield><subfield code="2">fast</subfield><subfield code="0">(OCoLC)fst01423814</subfield></datafield><datafield ind1=" " ind2="7" tag="651"><subfield code="a">Arkansas</subfield><subfield code="z">Fort Smith.</subfield><subfield code="2">fast</subfield><subfield code="0">(OCoLC)fst01207379</subfield></datafield><datafield ind1=" " ind2="7" tag="651"><subfield code="a">Arkansas</subfield><subfield code="z">Sebastian County.</subfield><subfield code="2">fast</subfield><subfield code="0">(OCoLC)fst01222677</subfield></datafield><datafield ind1=" " ind2=" " tag="752"><subfield code="a">United States</subfield><subfield code="b">Arkansas</subfield><subfield code="c">Sebastian</subfield><subfield code="d">Fort Smith.</subfield></datafield><datafield ind1="0" ind2=" " tag="775"><subfield code="t">Wheelers' daily independent</subfield><subfield code="w">(DLC)sn 86090887</subfield></datafield><datafield ind1="0" ind2=" " tag="775"><subfield code="t">Wheelers' independent daily fair edition</subfield><subfield code="w">(DLC)sn 86090900</subfield></datafield><datafield ind1="0" ind2="0" tag="780"><subfield code="t">Wheelers' western independent</subfield><subfield code="w">(DLC)sn 86090896</subfield><subfield code="w">(OCoLC)15201720</subfield></datafield><datafield ind1="0" ind2="7" tag="785"><subfield code="t">True Democrat</subfield></datafield><datafield ind1="0" ind2="7" tag="785"><subfield code="t">Independent-true Democrat</subfield><subfield code="w">(DLC)sn 86090868</subfield></datafield></record>